\begin{document}

@inproceedings{NIPS2015_11d0e628,
 author = {Feurer, Matthias and Klein, Aaron and Eggensperger, Katharina and Springenberg, Jost and Blum, Manuel and Hutter, Frank},
 booktitle = {Advances in Neural Information Processing Systems},
 editor = {C. Cortes and N. Lawrence and D. Lee and M. Sugiyama and R. Garnett},
 pages = {},
 publisher = {Curran Associates, Inc.},
 title = {Efficient and Robust Automated Machine Learning},
 url = {https://proceedings.neurips.cc/paper/2015/file/11d0e6287202fced83f79975ec59a3a6-Paper.pdf},
 volume = {28},
 year = {2015}
}

@inproceedings{lundberg2017unified,
  title={A unified approach to interpreting model predictions},
  author={Lundberg, Scott M and Lee, Su-In},
  booktitle={Proceedings of the 31st international conference on neural information processing systems},
  pages={4768--4777},
  year={2017}
}

@inproceedings{thornton2013auto,
  title={Auto-WEKA: Combined selection and hyperparameter optimization of classification algorithms},
  author={Thornton, Chris and Hutter, Frank and Hoos, Holger H and Leyton-Brown, Kevin},
  booktitle={Proceedings of the 19th ACM SIGKDD international conference on Knowledge discovery and data mining},
  pages={847--855},
  year={2013}
}

@article{gkaa1057,
    author = {Kolmykov, Semyon and Yevshin, Ivan and Kulyashov, Mikhail and Sharipov, Ruslan and Kondrakhin, Yury and Makeev, Vsevolod J and Kulakovskiy, Ivan V and Kel, Alexander and Kolpakov, Fedor},
    title = "{GTRD: an integrated view of transcription regulation}",
    journal = {Nucleic Acids Research},
    volume = {49},
    number = {D1},
    pages = {D104-D111},
    year = {2020},
    month = {11},
    abstract = "{The Gene Transcription Regulation Database (GTRD; http://gtrd.biouml.org/) contains uniformly annotated and processed NGS data related to gene transcription regulation: ChIP-seq, ChIP-exo, DNase-seq, MNase-seq, ATAC-seq and RNA-seq. With the latest release, the database has reached a new level of data integration. All cell types (cell lines and tissues) presented in the GTRD were arranged into a dictionary and linked with different ontologies (BRENDA, Cell Ontology, Uberon, Cellosaurus and Experimental Factor Ontology) and with related experiments in specialized databases on transcription regulation (FANTOM5, ENCODE and GTEx). The updated version of the GTRD provides an integrated view of transcription regulation through a dedicated web interface with advanced browsing and search capabilities, an integrated genome browser, and table reports by cell types, transcription factors, and genes of interest.}",
    issn = {0305-1048},
    doi = {10.1093/nar/gkaa1057},
    url = {https://doi.org/10.1093/nar/gkaa1057},
    eprint = {https://academic.oup.com/nar/article-pdf/49/D1/D104/35364856/gkaa1057.pdf},
}

@inproceedings{chen2016xgboost,
  title={Xgboost: A scalable tree boosting system},
  author={Chen, Tianqi and Guestrin, Carlos},
  booktitle={Proceedings of the 22nd acm sigkdd international conference on knowledge discovery and data mining},
  pages={785--794},
  year={2016}
}

@article{scikit-learn,
   title={Scikit-learn: Machine Learning in {P}ython},
   author={Pedregosa, F. and Varoquaux, G. and Gramfort, A. and Michel, V.
           and Thirion, B. and Grisel, O. and Blondel, M. and Prettenhofer, P.
           and Weiss, R. and Dubourg, V. and Vanderplas, J. and Passos, A. and
           Cournapeau, D. and Brucher, M. and Perrot, M. and Duchesnay, E.},
   journal={Journal of Machine Learning Research},
   volume={12},
   pages={2825--2830},
   year={2011}
}

@incollection{pytorch,
  title = {PyTorch: An Imperative Style, High-Performance Deep Learning Library},
  author = {Paszke, Adam and Gross, Sam and Massa, Francisco and Lerer, Adam and Bradbury, James and Chanan, Gregory and Killeen, Trevor and Lin, Zeming and Gimelshein, Natalia and Antiga, Luca and Desmaison, Alban and Kopf, Andreas and Yang, Edward and DeVito, Zachary and Raison, Martin and Tejani, Alykhan and Chilamkurthy, Sasank and Steiner, Benoit and Fang, Lu and Bai, Junjie and Chintala, Soumith},
  booktitle = {Advances in Neural Information Processing Systems 32},
  editor = {H. Wallach and H. Larochelle and A. Beygelzimer and F. d\textquotesingle Alch\'{e}-Buc and E. Fox and R. Garnett},
  pages = {8024--8035},
  year = {2019},
  publisher = {Curran Associates, Inc.},
  url = {http://papers.neurips.cc/paper/9015-pytorch-an-imperative-style-high-performance-deep-learning-library.pdf}
}

@article{roth_1988,
  title={The Shapley value : essays in honor of Lloyd S. Shapley},
  author={Alvin E. Roth and Lloyd S. Shapley},
  journal={Economica},
  year={1991},
  volume={101},
  pages={123}
}

@article{grnboost2,
  author = {Moerman, Thomas and Aibar, Sara and Bravo González-Blas, Carmen and Simm, Jaak and Moreau, Yves and Aerts, Jan and Aerts, Stein},
  year = {2018},
  month = {11},
  pages = {},
  title = {GRNBoost2 and Arboreto: Efficient and scalable inference of gene regulatory networks},
  volume = {35},
  journal = {Bioinformatics (Oxford, England)},
  doi = {10.1093/bioinformatics/bty916}
}

@article{2020SciPy-NMeth,
  author  = {Virtanen, Pauli and Gommers, Ralf and Oliphant, Travis E. and
            Haberland, Matt and Reddy, Tyler and Cournapeau, David and
            Burovski, Evgeni and Peterson, Pearu and Weckesser, Warren and
            Bright, Jonathan and {van der Walt}, St{\'e}fan J. and
            Brett, Matthew and Wilson, Joshua and Millman, K. Jarrod and
            Mayorov, Nikolay and Nelson, Andrew R. J. and Jones, Eric and
            Kern, Robert and Larson, Eric and Carey, C J and
            Polat, {\.I}lhan and Feng, Yu and Moore, Eric W. and
            {VanderPlas}, Jake and Laxalde, Denis and Perktold, Josef and
            Cimrman, Robert and Henriksen, Ian and Quintero, E. A. and
            Harris, Charles R. and Archibald, Anne M. and
            Ribeiro, Ant{\^o}nio H. and Pedregosa, Fabian and
            {van Mulbregt}, Paul and {SciPy 1.0 Contributors}},
  title   = {{{SciPy} 1.0: Fundamental Algorithms for Scientific
            Computing in Python}},
  journal = {Nature Methods},
  year    = {2020},
  volume  = {17},
  pages   = {261--272},
  adsurl  = {https://rdcu.be/b08Wh},
  doi     = {10.1038/s41592-019-0686-2},
}

@misc{mostavi_chiu_huang_chen_2020,
        title={Convolutional neural network models for cancer type prediction based on gene expression - BMC medical genomics}, url={https://bmcmedgenomics.biomedcentral.com/articles/10.1186/s12920-020-0677-2#citeas},
        journal={BioMed Central},
        publisher={BMC Medical Genomics},
        author={Mostavi, Milad and Chiu, Yu-Chiao and Huang, Yufei and Chen, Yidong},
        year={2020},
        month={Apr}}

@article{fibro_cardio_2012, title={In vivo reprogramming of murine cardiac fibroblasts into induced cardiomyocytes}, volume={485}, DOI={10.1038/nature11044}, number={7400}, journal={Nature}, author={Qian, Li and Huang, Yu and Spencer, C. Ian and Foley, Amy and Vedantham, Vasanth and Liu, Lei and Conway, Simon J. and Fu, Ji-dong and Srivastava, Deepak}, year={2012}, pages={593–598}}

@article{yamanaka_2006, title={Induction of pluripotent stem cells from mouse embryonic and adult fibroblast cultures by defined factors}, volume={126}, DOI={10.1016/j.cell.2006.07.024}, number={4}, journal={Cell}, author={Takahashi, Kazutoshi and Yamanaka, Shinya}, year={2006}, pages={663–676}}

@article{fibroblast_sertoli_2012, title={Direct reprogramming of fibroblasts into embryonic Sertoli-like cells by defined factors}, volume={11}, DOI={10.1016/j.stem.2012.07.019}, number={3}, journal={Cell Stem Cell}, author={Buganim, Yosef and Itskovich, Elena and Hu, Yueh-Chiang and Cheng, Albert&nbsp;W. and Ganz, Kibibi and Sarkar, Sovan and Fu, Dongdong and Welstead, G. Grant and Page, David&nbsp;C. and Jaenisch, Rudolf and et al.}, year={2012}, pages={373–386}}

@article{mef_hept_2011, title={Direct conversion of mouse fibroblasts to hepatocyte-like cells by defined factors}, url={https://www.nature.com/articles/nature10263}, journal={Nature}, publisher={Nature Publishing Group}, author={Sekiya, Sayaka and Suzuki, Atsushi}, year={2011}, month={Jun}, DOI={10.1038/nature10263},}

@article{ASCL1_dopaminergic_neuron_2021, title={Identification of ASCL1 as a determinant for human IPSC-derived dopaminergic neurons}, volume={11}, DOI={10.1038/s41598-021-01366-4}, number={1}, journal={Scientific Reports}, author={Earley, Aaron M. and Burbulla, Lena F. and Krainc, Dimitri and Awatramani, Rajeshwar}, year={2021}}

@article{cell_repro_review, title={Direct cell reprogramming: Approaches, mechanisms and progress}, volume={22}, DOI={10.1038/s41580-021-00335-z}, number={6}, journal={Nature Reviews Molecular Cell Biology}, author={Wang, Haofei and Yang, Yuchen and Liu, Jiandong and Qian, Li}, year={2021}, pages={410–424}}

@article{lung_subtypes_2014, title={Reconstructing lineage hierarchies of the distal lung epithelium using single-cell RNA-seq}, volume={509}, DOI={10.1038/nature13173}, number={7500}, journal={Nature}, author={Treutlein, Barbara and Brownfield, Doug G. and Wu, Angela R. and Neff, Norma F. and Mantalas, Gary L. and Espinoza, F. Hernan and Desai, Tushar J. and Krasnow, Mark A. and Quake, Stephen R.}, year={2014}, pages={371–375}}

@article{pancreas_subtypes_2016, title={A single-cell transcriptomic map of the human and mouse pancreas reveals inter- and Intra-cell population structure}, volume={3}, DOI={10.1016/j.cels.2016.08.011}, number={4}, journal={Cell Systems}, author={Baron, Maayan and Veres, Adrian and Wolock, Samuel&nbsp;L. and Faust, Aubrey&nbsp;L. and Gaujoux, Renaud and Vetere, Amedeo and Ryu, Jennifer&nbsp;Hyoje and Wagner, Bridget&nbsp;K. and Shen-Orr, Shai&nbsp;S. and Klein, Allon&nbsp;M. and et al.}, year={2016}}

@article{dalessio_2015, title={A systematic approach to identify candidate transcription factors that control cell identity}, volume={5}, DOI={10.1016/j.stemcr.2015.09.016}, number={5}, journal={Stem Cell Reports}, author={D’Alessio, Ana C. and Fan, Zi Peng and Wert, Katherine J. and Baranov, Petr and Cohen, Malkiel A. and Saini, Janmeet S. and Cohick, Evan and Charniga, Carol and Dadon, Daniel and Hannett, Nancy M. and et al.}, year={2015}, pages={763–775}}

@article{mogrify_2016,
  title={A predictive computational framework for direct reprogramming between human cell types},
  volume={48}, DOI={10.1038/ng.3487}, number={3}, journal={Nature Genetic}, author={Rackham, Owen J and Firas, Jaber and Fang, Hai and Oates, Matt E and Holmes, Melissa L and Knaupp, Anja S and Suzuki, Harukazu and Nefzger, Christian M and Daub, Carsten O and Shin, Jay W and et al.}, year={2016}, pages={331–335}}

@article{cellnet_2014, title={Cellnet: Network Biology applied to Stem Cell Engineering}, volume={158}, DOI={10.1016/j.cell.2014.07.020}, number={4}, journal={Cell}, author={Cahan, Patrick and Li, Hu and Morris, Samantha&nbsp;A. and Lummertz&nbsp;da&nbsp;Rocha, Edroaldo and Daley, George&nbsp;Q. and Collins, James&nbsp;J.}, year={2014}, pages={903–915}}

@article{scn_2019, title={SingleCellNet: A computational tool to classify single cell RNA-seq data across platforms and across species}, volume={9}, DOI={10.1016/j.cels.2019.06.004}, number={2}, journal={Cell Systems}, author={Tan, Yuqi and Cahan, Patrick}, year={2019}}

@article{cid_2019, title={Construction of gene causal regulatory networks using microarray data with the coefficient of intrinsic dependence}, volume={60}, DOI={10.1186/s40529-019-0268-8}, number={1}, journal={Botanical Studies}, author={Liu, Li-yu Daisy and Hsiao, Ya-Chun and Chen, Hung-Chi and Yang, Yun-Wei and Chang, Men-Chi}, year={2019}}

@article{pcc_2012, title={Comparison of co-expression measures: Mutual Information, correlation, and model based indices}, volume={13}, DOI={10.1186/1471-2105-13-328}, number={1}, journal={BMC Bioinformatics}, author={Song, Lin and Langfelder, Peter and Horvath, Steve}, year={2012}}

@article{transfac, title={TRANSFAC(R) and its module transcompel(r): Transcriptional gene regulation in eukaryotes}, volume={34}, DOI={10.1093/nar/gkj143}, number={90001}, journal={Nucleic Acids Research}, author={Matys, V.}, year={2006}}

@article{biogrid, title={BioGRID: A general repository for interaction datasets}, volume={34}, DOI={10.1093/nar/gkj109}, number={90001}, journal={Nucleic Acids Research}, author={Stark, C.}, year={2006}}

@article{mef_iMPC_ETH, title={Integrative molecular roadmap for direct conversion of fibroblasts into myocytes and myogenic progenitor cells}, DOI={10.1101/2021.08.20.457151}, journal={bioRxiv}, author={Kim, Inseon and Ghosh, Adhideb and Bundschuh, Nicola and Hinte, Laura and von Meyenn, Ferdinand and Bar-Nur, Ori}, year={2021}}

@article{mef_ipsc_cas, title={Resolving cell fate decisions during somatic cell reprogramming by single-cell RNA-seq}, volume={73}, DOI={10.1016/j.molcel.2019.01.042}, number={4}, journal={Molecular Cell}, author={Guo, Lin and Lin, Lihui and Wang, Xiaoshan and Gao, Mingwei and Cao, Shangtao and Mai, Yuanbang and Wu, Fang and Kuang, Junqi and Liu, He and Yang, Jiaqi and et al.}, year={2019}}

@article{ips_neuron_ascl1, title={Identification of ASCL1 as a determinant for human IPSC-derived dopaminergic neurons}, volume={11}, DOI={10.1038/s41598-021-01366-4}, number={1}, journal={Scientific Reports}, author={Earley, Aaron M. and Burbulla, Lena F. and Krainc, Dimitri and Awatramani, Rajeshwar}, year={2021}}

@article{ips7f,
  title={Induction of pluripotent stem cells from mouse embryonic fibroblasts by JDP2-jhdm1b-MKK6-GLIS1-Nanog-ESSRB-SALL4},
  volume={27},
  DOI={10.1016/j.celrep.2019.05.068},
  number={12},
  journal={Cell Reports},
  author={Wang, Bo and Wu, Linlin and Li, Dongwei and Liu, Yuting and Guo, Jing and Li, Chen and Yao, Yuxiang and Wang, Yaofeng and Zhao, Guoqing and Wang, Xiaoshan and et al.}, year={2019}}

@article{oct4_nanog_sox2_lin28,
  title={Induced pluripotent stem cell lines derived from human somatic cells},
  volume={318},
  DOI={10.1126/science.1151526},
  number={5858},
  journal={Science},
  author={Yu, Junying and Vodyanik, Maxim A. and Smuga-Otto, Kim and Antosiewicz-Bourget, Jessica and Frane, Jennifer L. and Tian, Shulan and Nie, Jeff and Jonsdottir, Gudrun A. and Ruotti, Victor and Stewart, Ron and et al.},
  year={2007},
  pages={1917–1920}
}

@article{oct4_nanog_sox2,
  title={Reprogramming of mouse and human somatic cells by high‐performance engineered factors},
  volume={12},
  DOI={10.1038/embor.2011.11},
  number={4},
  journal={EMBO reports},
  author={Wang, Yang and Chen, Jiekai and Hu, Jia‐Lei and Wei, Xi‐Xiao and Qin, Dajiang and Gao, Juan and Zhang, Lei and Jiang, Jing and Li, Jin‐Song and Liu, Jing and et al.},
  year={2011},
  pages={373–378}
}
 @article{niwa_2007,
   title={How is pluripotency determined and maintained?},
   volume={134},
   DOI={10.1242/dev.02787},
   number={4},
   journal={Development},
   author={Niwa, Hitoshi},
   year={2007},
   pages={635–646}
 }

@article{ipsOK,
  title={Induction of pluripotent stem cells from mouse embryonic fibroblasts by Oct4 and klf4 with small-molecule compounds},
  volume={3},
  DOI={10.1016/j.stem.2008.10.004},
  number={5}, journal={Cell Stem Cell},
  author={Shi, Yan and Desponts, Caroline and Do, Jeong Tae and Hahm, Heung Sik and Schöler, Hans R. and Ding, Sheng},
  year={2008},
  pages={568–574}
}

@article{ipsAP1,
title = {Chromatin Accessibility Dynamics during iPSC Reprogramming},
journal = {Cell Stem Cell},
volume = {21},
number = {6},
pages = {819-833.e6},
year = {2017},
issn = {1934-5909},
doi = {https://doi.org/10.1016/j.stem.2017.10.012},
url = {https://www.sciencedirect.com/science/article/pii/S1934590917304290},
author = {Dongwei Li and Jing Liu and Xuejie Yang and Chunhua Zhou and Jing Guo and Chuman Wu and Yue Qin and Lin Guo and Jiangping He and Shenyong Yu and He Liu and Xiaoshan Wang and Fang Wu and Junqi Kuang and Andrew P. Hutchins and Jiekai Chen and Duanqing Pei},
keywords = {chromatin dynamics, open/close, reprogramming, Sap30, binary logic},
abstract = {Summary
Cell-fate decisions remain poorly understood at the chromatin level. Here, we map chromatin remodeling dynamics during induction of pluripotent stem cells. ATAC-seq profiling of MEFs expressing Oct4-Sox2-Klf4 (OSK) reveals dynamic changes in chromatin states shifting from open to closed (OC) and closed to open (CO), with an initial burst of OC and an ending surge of CO. The OC loci are largely composed of genes associated with a somatic fate, while the CO loci are associated with pluripotency. Factors/conditions known to impede reprogramming prevent OSK-driven OC and skew OC-CO dynamics. While the CO loci are enriched for OSK motifs, the OC loci are not, suggesting alternative mechanisms for chromatin closing. Sap30, a Sin3A corepressor complex component, is required for the OC shift and facilitates reduced H3K27ac deposition at OC loci. These results reveal a chromatin accessibility logic during reprogramming that may apply to other cell-fate decisions.}
}

@article{osk, title={Direct reprogramming of somatic cells is promoted by maternal transcription factor GLIS1}, volume={474}, DOI={10.1038/nature10106}, number={7350}, journal={Nature}, author={Maekawa, Momoko and Yamaguchi, Kei and Nakamura, Tomonori and Shibukawa, Ran and Kodanaka, Ikumi and Ichisaka, Tomoko and Kawamura, Yoshifumi and Mochizuki, Hiromi and Goshima, Naoki and Yamanaka, Shinya and et al.}, year={2011}, pages={225–229}}

@article{mpc_as_myoblast,
title = {Direct Reprogramming of Mouse Fibroblasts into Functional Skeletal Muscle Progenitors},
journal = {Stem Cell Reports},
volume = {10},
number = {5},
pages = {1505-1521},
year = {2018},
issn = {2213-6711},
doi = {https://doi.org/10.1016/j.stemcr.2018.04.009},
url = {https://www.sciencedirect.com/science/article/pii/S2213671118301772},
author = {Ori Bar-Nur and Mattia F.M. Gerli and Bruno {Di Stefano} and Albert E. Almada and Amy Galvin and Amy Coffey and Aaron J. Huebner and Peter Feige and Cassandra Verheul and Priscilla Cheung and Duygu Payzin-Dogru and Sylvain Paisant and Anthony Anselmo and Ruslan I. Sadreyev and Harald C. Ott and Shahragim Tajbakhsh and Michael A. Rudnicki and Amy J. Wagers and Konrad Hochedlinger},
keywords = {skeletal muscle, satellite cells, direct lineage reprogramming, induced muscle progenitor cells, MyoD, Pax7, small molecules, transplantation, muscular dystrophy},
}

@article{myog_2017, title={Characterizing satellite cells and myogenic progenitors during skeletal muscle regeneration}, DOI={10.1007/978-1-4939-6788-9_12}, journal={Methods in Molecular Biology}, author={Dumont, Nicolas A. and Rudnicki, Michael A.}, year={2017}, pages={179–188}}

@article{sox4_2013,
author = {Jang, Sang-Min and Kim, Jung-Woong and Kim, Daehwan and Kim, Chul-Hong and An, Joo-Hee and Choi, Kyung-Hee and Rhee, Sangmyung},
year = {2013},
month = {09},
pages = {},
title = {Sox4-mediated caldesmon expression facilitates skeletal myoblast differentiation},
volume = {126},
journal = {Journal of cell science},
doi = {10.1242/jcs.131581}
}

@article{myogenic_repro_2018, title={Genome architecture mediates transcriptional control of human myogenic reprogramming}, volume={6}, DOI={10.1016/j.isci.2018.08.002}, journal={iScience}, author={Liu, Sijia and Chen, Haiming and Ronquist, Scott and Seaman, Laura and Ceglia, Nicholas and Meixner, Walter and Chen, Pin-Yu and Higgins, Gerald and Baldi, Pierre and Smale, Steve and et al.}, year={2018}, pages={232–246}}

@article{mef2_2017, title={MEF2 and the skeletal muscle differentiation program}, volume={72}, DOI={10.1016/j.semcdb.2017.11.020}, journal={Seminars in Cell and Developmental Biology}, author={Taylor, Michael V. and Hughes, Simon M.}, year={2017}, pages={33–44}}

@article {mef2_skeletal,
	author = {Liu, Ning and Nelson, Benjamin R. and Bezprozvannaya, Svetlana and Shelton, John M. and Richardson, James A. and Bassel-Duby, Rhonda and Olson, Eric N.},
	title = {Requirement of MEF2A, C, and D for skeletal muscle regeneration},
	volume = {111},
	number = {11},
	pages = {4109-4114},
	year = {2014},
	doi = {10.1073/pnas.1401732111},
	publisher = {National Academy of Sciences},
	issn = {0027-8424},
	URL = {https://www.pnas.org/content/111/11/4109},
	eprint = {https://www.pnas.org/content/111/11/4109.full.pdf},
	journal = {Proceedings of the National Academy of Sciences}
}

@article{tcf4_2011, title={Connective tissue fibroblasts and TCF4 regulate myogenesis}, volume={138}, DOI={10.1242/dev.057463}, number={2}, journal={Development}, author={Mathew, Sam J. and Hansen, Jody M. and Merrell, Allyson J. and Murphy, Malea M. and Lawson, Jennifer A. and Hutcheson, David A. and Hansen, Mark S. and Angus-Hill, Melinda and Kardon, Gabrielle}, year={2011}, pages={371–384}}

@article{tcf4_2016, title={Connective tissue cells expressing fibro/adipogenic progenitor markers increase under chronic damage: Relevance in fibroblast-myofibroblast differentiation and skeletal muscle fibrosis}, volume={364}, DOI={10.1007/s00441-015-2343-0}, number={3}, journal={Cell and Tissue Research}, author={Contreras, Osvaldo and Rebolledo, Daniela L. and Oyarzún, Juan Esteban and Olguín, Hugo C. and Brandan, Enrique}, year={2016}, pages={647–660}}

@article{tcf4_2017, title={Myogenic progenitor cells control extracellular matrix production by fibroblasts during skeletal muscle hypertrophy}, volume={20}, DOI={10.1016/j.stem.2016.09.010}, number={1}, journal={Cell Stem Cell}, author={Fry, Christopher S. and Kirby, Tyler J. and Kosmac, Kate and McCarthy, John J. and Peterson, Charlotte A.}, year={2017}, pages={56–69}}

@article{ets2_1, title={Retinoic acid signaling and neuronal differentiation}, volume={72}, DOI={10.1007/s00018-014-1815-9}, number={8}, journal={Cellular and Molecular Life Sciences}, author={Janesick, Amanda and Wu, Stephanie Cherie and Blumberg, Bruce}, year={2015}, pages={1559–1576}}

@article{ets2_2, title={Erf and ETV3L are retinoic acid-inducible repressors required for primary neurogenesis}, volume={140}, DOI={10.1242/dev.093716}, number={15}, journal={Development}, author={Janesick, Amanda and Abbey, Rachelle and Chung, Connie and Liu, Sophia and Taketani, Mao and Blumberg, Bruce}, year={2013}, pages={3095–3106}}

@article{isl1_da,
  title={Analysis of transcriptional codes for zebrafish dopaminergic neurons reveals essential functions of Arx and ISL1 in prethalamic dopaminergic neuron development},
  volume={369},
  DOI={10.1016/j.ydbio.2012.06.010},
  number={1},
  journal={Developmental Biology},
  author={Filippi, Alida and Jainok, Chamaiphorn and Driever, Wolfgang},
  year={2012},
  pages={133–149}
}

@article{phox2_caudal_da,
  title={Phox2b influences the development of a caudal dopaminergic subset},
  volume={7},
  DOI={10.1371/journal.pone.0052118},
  number={12},
  journal={PLoS ONE},
  author={Hoekstra, Elisa J. and von Oerthel, Lars and van der Linden, Annemarie J. and Smidt, Marten P.},
  year={2012}
}

@article{phox2_rat_da,
  title={Transcription factors phox2a/2b upregulate expression of noradrenergic and dopaminergic phenotypes in aged rat brains},
  volume={38},
  DOI={10.1007/s12640-020-00250-9},
  number={3},
  journal={Neurotoxicity Research},
  author={Fan, Yan and Zeng, Fei and Brown, Russell W. and Price, Jennifer B. and Jones, Thomas C. and Zhu, Meng-Yang},
  year={2020},
  pages={793–807}
}

@article{ELF3_precursor_marker,
  title={Elf a beta-spectrin is a neuronal precursor cell marker in developing mammalian brain; structure and organization of the ELF/beta-G spectrin gene},
  volume={21},
  DOI={10.1038/sj.onc.1205548},
  number={34},
  journal={Oncogene},
  author={Tang, Yi and Katuri, Varalakshmi and Iqbal, Sohail and Narayan, Tina and Wang, Zhili and Lu, Robert S and Mishra, Lopa and Mishra, Bibhuti},
  year={2002},
  pages={5255–5267}
}


@article{ascl1_repro,
  title={Transdifferentiating astrocytes into neurons using ASCL1 functionalized with a novel intracellular protein delivery technology},
  author={Robinson, Meghan and Fraser, Ian and McKee, Emily and Scheck, Kali and Chang, Lillian and Willerth, Stephanie M},
  journal={Frontiers in Bioengineering and Biotechnology},
  pages={173},
  year={2018},
  publisher={Frontiers}
}

@article{ascl1_1,
  title={Ascl1 coordinately regulates gene expression and the chromatin landscape during neurogenesis},
  author={Raposo, Alexandre ASF and Vasconcelos, Francisca F and Drechsel, Daniela and Marie, Corentine and Johnston, Caroline and Dolle, Dirk and Bithell, Angela and Gillotin, S{\'e}bastien and van den Berg, Debbie LC and Ettwiller, Laurence and others},
  journal={Cell reports},
  volume={10},
  number={9},
  pages={1544--1556},
  year={2015},
  publisher={Elsevier}
}

@article{ascl1_2,
  title={A novel function of the proneural factor Ascl1 in progenitor proliferation identified by genome-wide characterization of its targets},
  author={Castro, Diogo S and Martynoga, Ben and Parras, Carlos and Ramesh, Vidya and Pacary, Emilie and Johnston, Caroline and Drechsel, Daniela and Lebel-Potter, M{\'e}lanie and Garcia, Laura Galinanes and Hunt, Charles and others},
  journal={Genes \& development},
  volume={25},
  number={9},
  pages={930--945},
  year={2011},
  publisher={Cold Spring Harbor Lab}
}

@article{ascl1_1frepro,
  title={Generation of induced neuronal cells by the single reprogramming factor ASCL1},
  author={Chanda, Soham and Ang, Cheen Euong and Davila, Jonathan and Pak, ChangHui and Mall, Moritz and Lee, Qian Yi and Ahlenius, Henrik and Jung, Seung Woo and S{\"u}dhof, Thomas C and Wernig, Marius},
  journal={Stem cell reports},
  volume={3},
  number={2},
  pages={282--296},
  year={2014},
  publisher={Elsevier}
}

@article{neurod1_1,
  title={NeuroD1 reprograms chromatin and transcription factor landscapes to induce the neuronal program},
  author={Pataskar, Abhijeet and Jung, Johannes and Smialowski, Pawel and Noack, Florian and Calegari, Federico and Straub, Tobias and Tiwari, Vijay K},
  journal={The EMBO journal},
  volume={35},
  number={1},
  pages={24--45},
  year={2016}
}

@article{neurod1_2,
  title={Neurod1 is essential for the survival and maturation of adult-born neurons},
  author={Gao, Zhengliang and Ure, Kerstin and Ables, Jessica L and Lagace, Diane C and Nave, Klaus-Armin and Goebbels, Sandra and Eisch, Amelia J and Hsieh, Jenny},
  journal={Nature neuroscience},
  volume={12},
  number={9},
  pages={1090--1092},
  year={2009},
  publisher={Nature Publishing Group}
}

@article{neurod1_3,
  title={NeuroD1 induces terminal neuronal differentiation in olfactory neurogenesis},
  author={Boutin, Camille and Hardt, Olaf and de Chevigny, Antoine and Cor{\'e}, Nathalie and Goebbels, Sandra and Seidenfaden, Ralph and Bosio, Andreas and Cremer, Harold},
  journal={Proceedings of the National Academy of Sciences},
  volume={107},
  number={3},
  pages={1201--1206},
  year={2010},
  publisher={National Acad Sciences}
}

@article{neurod1_4,
  title={Neurogenin2 directs granule neuroblast production and amplification while NeuroD1 specifies neuronal fate during hippocampal neurogenesis},
  author={Roybon, Laurent and Hjalt, Tord and Stott, Simon and Guillemot, Francois and Li, Jia-Yi and Brundin, Patrik},
  journal={PloS one},
  volume={4},
  number={3},
  pages={e4779},
  year={2009},
  publisher={Public Library of Science San Francisco, USA}
}

@article{dalton_2015,
  title={Linking the cell cycle to cell fate decisions},
  volume={25}, DOI={10.1016/j.tcb.2015.07.007},
  number={10},
  journal={Trends in Cell Biology},
  author={Dalton, Stephen},
  year={2015},
  pages={592–600}
}

@article{engstrom_2021,
  title={Cell cycle regulators control stemness and differentiation},
  volume={43},
  DOI={10.1002/bies.202100123},
  number={7},
  journal={BioEssays},
  author={Engström, Ylva},
  year={2021},
  pages={2100123}
}
\end{document}

@article{hanley_mcneil_1982,
  title={The meaning and use of the area under a receiver operating characteristic (ROC) curve.},
  volume={143},
  DOI={10.1148/radiology.143.1.7063747},
  number={1},
  journal={Radiology},
  author={Hanley, J A and McNeil, B J},
  year={1982},
  pages={29–36}
}

@misc{transformer,
  title={Attention is all you need},
  url={https://arxiv.org/abs/1706.03762},
  journal={arXiv.org},
  publisher={arXiv},
  author={Vaswani, Ashish and Shazeer, Noam and Parmar, Niki and Uszkoreit, Jakob and Jones, Llion and Gomez, Aidan N. and Kaiser, Lukasz and Polosukhin, Illia},
  year={2017},
  month={Dec}
}

@misc{hyperband,
  title={Hyperband: A novel bandit-based approach to hyperparameter optimization},
  url={https://arxiv.org/abs/1603.06560},
  journal={arXiv.org},
  publisher={arXiv},
  author={Li, Lisha and Jamieson, Kevin and DeSalvo, Giulia and Rostamizadeh, Afshin and Talwalkar, Ameet},
  year={2018},
  month={Jun}
}
